@Manual{R-base,
  title = {R: A Language and Environment for Statistical Computing},
  author = {{R Core Team}},
  organization = {R Foundation for Statistical Computing},
  address = {Vienna, Austria},
  year = {2018},
  url = {https://www.R-project.org/},
}
@Article{R-coda,
  title = {CODA: Convergence Diagnosis and Output Analysis for MCMC},
  author = {Martyn Plummer and Nicky Best and Kate Cowles and Karen Vines},
  journal = {R News},
  year = {2006},
  volume = {6},
  number = {1},
  pages = {7--11},
  url = {https://journal.r-project.org/archive/},
  pdf = {https://www.r-project.org/doc/Rnews/Rnews_2006-1.pdf},
}
@Manual{R-curl,
  title = {curl: A Modern and Flexible Web Client for R},
  author = {Jeroen Ooms},
  year = {2019},
  note = {R package version 3.3},
  url = {https://CRAN.R-project.org/package=curl},
}
@Book{R-MASS,
  title = {Modern Applied Statistics with S},
  author = {W. N. Venables and B. D. Ripley},
  publisher = {Springer},
  edition = {Fourth},
  address = {New York},
  year = {2002},
  note = {ISBN 0-387-95457-0},
  url = {http://www.stats.ox.ac.uk/pub/MASS4},
}
@Article{R-MCMCpack,
  title = {{MCMCpack}: Markov Chain Monte Carlo in {R}},
  author = {Andrew D. Martin and Kevin M. Quinn and Jong Hee Park},
  journal = {Journal of Statistical Software},
  year = {2011},
  volume = {42},
  number = {9},
  pages = {22},
  url = {http://www.jstatsoft.org/v42/i09/},
}
@Manual{R-papaja,
  author = {Frederik Aust and Marius Barth},
  title = {{papaja}: {Create} {APA} manuscripts with {R Markdown}},
  year = {2018},
  note = {R package version 0.1.0.9842},
  url = {https://github.com/crsh/papaja},
}
@Manual{R-BayesFactor,
  title = {BayesFactor: Computation of Bayes Factors for Common Designs},
  author = {Richard D. Morey and Jeffrey N. Rouder},
  year = {2018},
  note = {R package version 0.9.12-4.2},
  url = {https://CRAN.R-project.org/package=BayesFactor},
}
@Manual{R-Matrix,
  title = {Matrix: Sparse and Dense Matrix Classes and Methods},
  author = {Douglas Bates and Martin Maechler},
  year = {2019},
  note = {R package version 1.2-17},
  url = {https://CRAN.R-project.org/package=Matrix},
}
@Manual{R-devtools,
  title = {devtools: Tools to Make Developing R Packages Easier},
  author = {Hadley Wickham and Jim Hester and Winston Chang},
  year = {2019},
  note = {R package version 2.0.2},
  url = {https://CRAN.R-project.org/package=devtools},
}
@Manual{R-usethis,
  title = {usethis: Automate Package and Project Setup},
  author = {Hadley Wickham and Jennifer Bryan},
  year = {2019},
  note = {R package version 1.5.0},
  url = {https://CRAN.R-project.org/package=usethis},
}
@Article{R-gmm,
  title = {Computing Generalized Method of Moments and Generalized Empirical Likelihood with {R}},
  author = {Pierre Chauss{\'e}},
  journal = {Journal of Statistical Software},
  year = {2010},
  volume = {34},
  number = {11},
  pages = {1--35},
  url = {http://www.jstatsoft.org/v34/i11/},
}
@Article{R-msm,
  title = {Multi-State Models for Panel Data: The {msm} Package for {R}},
  author = {Christopher H. Jackson},
  journal = {Journal of Statistical Software},
  year = {2011},
  volume = {38},
  number = {8},
  pages = {1--29},
  url = {http://www.jstatsoft.org/v38/i08/},
}
@Book{R-mvtnorm,
  title = {Computation of Multivariate Normal and t Probabilities},
  author = {Alan Genz and Frank Bretz},
  series = {Lecture Notes in Statistics},
  year = {2009},
  publisher = {Springer-Verlag},
  address = {Heidelberg},
  isbn = {978-3-642-01688-2},
}
@Article{R-sandwich_a,
  title = {Econometric Computing with {HC} and {HAC} Covariance Matrix Estimators},
  author = {Achim Zeileis},
  journal = {Journal of Statistical Software},
  year = {2004},
  volume = {11},
  number = {10},
  pages = {1--17},
  doi = {10.18637/jss.v011.i10},
}
@Article{R-sandwich_b,
  title = {Object-Oriented Computation of Sandwich Estimators},
  author = {Achim Zeileis},
  journal = {Journal of Statistical Software},
  year = {2006},
  volume = {16},
  number = {9},
  pages = {1--16},
  doi = {10.18637/jss.v016.i09},
}
@Manual{R-tmvtnorm,
  title = {{tmvtnorm}: Truncated Multivariate Normal and Student t Distribution},
  author = {Stefan Wilhelm and Manjunath B G},
  year = {2015},
  note = {R package version 1.4-10},
  url = {http://CRAN.R-project.org/package=tmvtnorm},
}
@Manual{R-rmdfiltr,
  title = {rmdfiltr: 'Lua' filters for R Markdown},
  author = {Frederik Aust},
  year = {2019},
  note = {R package version 0.1.0},
  url = {https://CRAN.R-project.org/package=rmdfiltr},
}
